@book{american2019publication,
  title={Publication manual of the american psychological association, Seventh Edition},
  author={APA},
  year={2019},
  publisher={American Psychological Association}
}

@book{cohen1977statistical,
  title={Statistical Power Analysis for the Behavioral Sciences. Revised Edition},
  author={Cohen, J.},
  year={1977}
}

@phdthesis{dragicevic2020mean,
  title={A mean difference is an effect size},
  author={Dragicevic, Pierre},
  year={2020},
  school={Inria Saclay Ile de France}
}

@book{cumming2012understanding,
  title={Understanding the New Statistics: Effect Sizes, Confidence Intervals, and Meta-analysis},
  author={Cumming, G.},
  isbn={9780415879682},
  lccn={2011035111},
  series={Multivariate applications book series},
  year={2012},
  publisher={Routledge}
}

@article{everitt2010cambridge,
  title={The Cambridge dictionary of statistics},
  author={Everitt, Brian S and Skrondal, Anders},
  year={2010}
}

@article{lakens2013,
	title = {Calculating and reporting effect sizes to facilitate cumulative science: a practical primer for t-tests and ANOVAs},
	author = {Lakens, {Daniël}},
	year = {2013},
	date = {2013},
	journal = {Frontiers in Psychology},
	volume = {4},
	doi = {10.3389/fpsyg.2013.00863},
	url = {http://dx.doi.org/10.3389/fpsyg.2013.00863}
}

@article{baguley2009,
	title = {Standardized or simple effect size: What should be reported?},
	author = {Baguley, Thom},
	year = {2009},
	month = {08},
	date = {2009-08},
	journal = {British Journal of Psychology},
	pages = {603--617},
	volume = {100},
	number = {3},
	doi = {10.1348/000712608x377117},
	url = {http://dx.doi.org/10.1348/000712608x377117},
	langid = {en}
}

@article{kirk2003importance,
  title={The importance of effect magnitude},
  author={Kirk, Roger E},
  journal={Handbook of research methods in experimental psychology},
  pages={83--105},
  year={2003},
  url = {https://psycnet.apa.org/doi/10.1002/9780470756973.ch5}
}
@article{kelley2012,
	title = {On effect size.},
	author = {Kelley, Ken and Preacher, Kristopher J.},
	year = {2012},
	date = {2012},
	journal = {Psychological Methods},
	pages = {137--152},
	volume = {17},
	number = {2},
	doi = {10.1037/a0028086},
	url = {http://dx.doi.org/10.1037/a0028086},
	langid = {en}
}

@article{kirk1996,
	title = {Practical Significance: A Concept Whose Time Has Come},
	author = {Kirk, Roger E.},
	year = {1996},
	month = {10},
	date = {1996-10},
	journal = {Educational and Psychological Measurement},
	pages = {746--759},
	volume = {56},
	number = {5},
	doi = {10.1177/0013164496056005002},
	url = {http://dx.doi.org/10.1177/0013164496056005002},
	langid = {en}
}

@article{huberty2002,
	title = {A History of Effect Size Indices},
	author = {Huberty, Carl J},
	year = {2002},
	month = {04},
	date = {2002-04},
	journal = {Educational and Psychological Measurement},
	pages = {227--240},
	volume = {62},
	number = {2},
	doi = {10.1177/0013164402062002002},
	url = {http://dx.doi.org/10.1177/0013164402062002002},
	langid = {en}
}

@article{cummings2011,
	title = {Arguments for and Against Standardized Mean Differences (Effect Sizes)},
	author = {Cummings, Peter},
	year = {2011},
	month = {07},
	date = {2011-07-01},
	journal = {Archives of Pediatrics & Adolescent Medicine},
	pages = {592},
	volume = {165},
	number = {7},
	doi = {10.1001/archpediatrics.2011.97},
	url = {http://dx.doi.org/10.1001/archpediatrics.2011.97},
	langid = {en}
}

@article{vandekar2020,
	title = {A Robust Effect Size Index},
	author = {Vandekar, Simon and Tao, Ran and Blume, Jeffrey},
	year = {2020},
	month = {03},
	date = {2020-03},
	journal = {Psychometrika},
	pages = {232--246},
	volume = {85},
	number = {1},
	doi = {10.1007/s11336-020-09698-2},
	url = {http://dx.doi.org/10.1007/s11336-020-09698-2},
	langid = {en}
}

@article{ives2003,
	title = {Effect Size Use in Studies of Learning Disabilities},
	author = {Ives, Bob},
	year = {2003},
	month = {11},
	date = {2003-11},
	journal = {Journal of Learning Disabilities},
	pages = {490--504},
	volume = {36},
	number = {6},
	doi = {10.1177/00222194030360060101},
	url = {http://dx.doi.org/10.1177/00222194030360060101},
	langid = {en}
}

@article{ialongo2016,
	title = {Understanding the effect size and its measures},
	author = {Ialongo, Cristiano},
	year = {2016},
	date = {2016},
	journal = {Biochemia Medica},
	pages = {150--163},
	doi = {10.11613/bm.2016.015},
	url = {http://dx.doi.org/10.11613/bm.2016.015}
}

@article{preacher2011,
	title = {Effect size measures for mediation models: Quantitative strategies for communicating indirect effects.},
	author = {Preacher, Kristopher J. and Kelley, Ken},
	year = {2011},
	date = {2011},
	journal = {Psychological Methods},
	pages = {93--115},
	volume = {16},
	number = {2},
	doi = {10.1037/a0022658},
	url = {http://dx.doi.org/10.1037/a0022658},
	langid = {en}
}

@article{wilkinson1999,
	title = {Statistical methods in psychology journals: Guidelines and explanations.},
	author = {Wilkinson, Leland and , },
	year = {1999},
	date = {1999},
	journal = {American Psychologist},
	pages = {594--604},
	volume = {54},
	number = {8},
	doi = {10.1037/0003-066x.54.8.594},
	url = {http://dx.doi.org/10.1037/0003-066x.54.8.594},
	langid = {en}
}

@inbook{rosenthal1994,
 ISBN = {9780871542267},
 URL = {http://www.jstor.org/stable/10.7758/9781610441377.20},
 author = {Robert Rosenthal},
 booktitle = {The Handbook of Research Synthesis},
 pages = {231--244},
 publisher = {Russell Sage Foundation},
 title = {PARAMETRIC MEASURES OF EFFECT SIZE},
 urldate = {2022-06-23},
 year = {1994}
}

@book{hedges1985,
  title={Statistical methods for meta-analysis},
  author={Hedges, Larry V and Olkin, Ingram},
  year={1985},
  publisher={Academic press}
}

@book{cohen1988,
  title={Statistical Power Analysis for the Behavioral Sciences},
  author={Cohen, J.},
  year={1988},
  publisher={L. Erlbaum Associates}
}

@book{glass1981,
  title={Meta-Analysis in Social Research},
  author={Glass, G.V. and McGaw, B. and Smith, M.L.},
  isbn={9780803916333},
  lccn={81295673},
  year={1981},
  publisher={SAGE Publications}
}


@article{nakagawa2007,
	title = {Effect size, confidence interval and statistical significance: a practical guide for biologists},
	author = {Nakagawa, Shinichi and Cuthill, Innes C.},
	year = {2007},
	month = {11},
	date = {2007-11},
	journal = {Biological Reviews},
	pages = {591--605},
	volume = {82},
	number = {4},
	doi = {10.1111/j.1469-185x.2007.00027.x},
	url = {http://dx.doi.org/10.1111/j.1469-185x.2007.00027.x},
	langid = {en}
}

@article{delacre2021,
  title={Why Hedges’g* s based on the non-pooled standard deviation should be reported with Welch’s t-test},
  author={Delacre, Marie and Lakens, Daniel and Ley, Christophe and Liu, Limin and Leys, Christophe},
  doi = {10.31234/osf.io/tu6mp},
  year={2021},
  publisher={PsyArXiv}
}


@article{grissom2001,
	title = {Review of assumptions and problems in the appropriate conceptualization of effect size.},
	author = {Grissom, Robert J. and Kim, John J.},
	year = {2001},
	date = {2001},
	journal = {Psychological Methods},
	pages = {135--146},
	volume = {6},
	number = {2},
	doi = {10.1037/1082-989x.6.2.135},
	url = {http://dx.doi.org/10.1037/1082-989x.6.2.135},
	langid = {en}
}

@book{haebara2014,
  title={続・心理統計学の基礎: 統合的理解を広げ深める},
  author={南風原朝和},
  isbn={9784641220416},
  url={https://books.google.co.jp/books?id=h-vFrQEACAAJ},
  year={2014},
  publisher={有斐閣}
}

@book{kline2004,
	title = {Beyond significance testing: Reforming data analysis methods in behavioral research.},
	author = {Kline, Rex B.},
	year = {2004},
	date = {2004},
	publisher = {American Psychological Association},
	doi = {10.1037/10693-000},
	url = {http://dx.doi.org/10.1037/10693-000}
}

@book{grissom2005,
  title={Effect Sizes for Research: A Broad Practical Approach},
  author={Grissom, R.J. and Kim, J.J.},
  isbn={9780805850147},
  lccn={2004053284},
  url={https://books.google.co.jp/books?id=4C49CGkNxLAC},
  year={2005},
  publisher={Lawrence Erlbaum Associates}
}


@article{hedges1981,
	title = {Distribution Theory for Glass's Estimator of Effect Size and Related Estimators},
	author = {Hedges, Larry V.},
	year = {1981},
	date = {1981},
	journal = {Journal of Educational Statistics},
	pages = {107},
	volume = {6},
	number = {2},
	doi = {10.2307/1164588},
	url = {http://dx.doi.org/10.2307/1164588}
}

@article{mcgrath2006,
	title = {When effect sizes disagree: The case of r and d.},
	author = {McGrath, Robert E. and Meyer, Gregory J.},
	year = {2006},
	date = {2006},
	journal = {Psychological Methods},
	pages = {386--401},
	volume = {11},
	number = {4},
	doi = {10.1037/1082-989x.11.4.386},
	url = {http://dx.doi.org/10.1037/1082-989x.11.4.386},
	langid = {en}
}

@article{山田2020,
  title={単一事例データのための統計的方法について─ 効果量を中心に─},
  author={山田剛史},
  journal={高齢者のケアと行動科学},
  volume={25},
  pages={35--55},
  doi = {10.24777/jsbse.25.0_35},
  year={2020},
  publisher={日本老年行動科学会}
}
@article{mcgraw1992,
	title = {A common language effect size statistic.},
	author = {McGraw, Kenneth O. and Wong, S. P.},
	year = {1992},
	date = {1992},
	journal = {Psychological Bulletin},
	pages = {361--365},
	volume = {111},
	number = {2},
	doi = {10.1037/0033-2909.111.2.361},
	url = {http://dx.doi.org/10.1037/0033-2909.111.2.361},
	langid = {en}
}

@article{haebara1987,
  title={相関係数および平均値差の解釈のための確率的な指標},
  author={南風原朝和 and 芝祐順},
  journal={教育心理学研究},
  volume={35},
  number={3},
  pages={259--265},
  year={1987},
  publisher={一般社団法人 日本教育心理学会}
}

@article{kraft2020,
	title = {Interpreting Effect Sizes of Education Interventions},
	author = {Kraft, Matthew A.},
	year = {2020},
	month = {04},
	date = {2020-04-27},
	journal = {Educational Researcher},
	pages = {241--253},
	volume = {49},
	number = {4},
	doi = {10.3102/0013189x20912798},
	url = {http://dx.doi.org/10.3102/0013189X20912798},
	langid = {en}
}

@book{hunter2004,
  title={Methods of Meta-Analysis: Correcting Error and Bias in Research Findings},
  author={Hunter, J.E. and Schmidt, F.L. and Sage Publications, inc},
  isbn={9781412904797},
  lccn={2003026057},
  url={https://books.google.co.jp/books?id=kImkui18i94C},
  year={2004},
  publisher={SAGE Publications}
}


@article{lenth2001,
	title = {Some Practical Guidelines for Effective Sample Size Determination},
	author = {Lenth, Russell V},
	year = {2001},
	month = {08},
	date = {2001-08},
	journal = {The American Statistician},
	pages = {187--193},
	volume = {55},
	number = {3},
	doi = {10.1198/000313001317098149},
	url = {http://dx.doi.org/10.1198/000313001317098149},
	langid = {en}
}

@misc{anvari2021,
	title = {Not all effects are indispensable: Psychological science requires verifiable lines of reasoning for whether an effect matters.},
	author = {Anvari, Farid and Kievit, Rogier and Lakens, Daniel and Pennington, Charlotte Rebecca and Przybylski, Andrew K and Tiokhin, Leonid and Wiernik, Brenton M. and Orben, Amy},
	year = {2021},
	month = {06},
	date = {2021-06-15},
	url = {http://dx.doi.org/10.31234/osf.io/g3vtr}
}

@article{editors2005,
	title = {Letter to the Editor: Abelson{\textquoteright}s Paradox And The Michelson-Morley Experiment},
	author = {Editors, JMASM},
	year = {2005},
	month = {05},
	date = {2005-05-01},
	journal = {Journal of Modern Applied Statistical Methods},
	pages = {352--352},
	volume = {4},
	number = {1},
	doi = {10.22237/jmasm/1114907520},
	url = {http://dx.doi.org/10.22237/jmasm/1114907520},
	langid = {en}
}

@article{kampenes2007,
	title = {A systematic review of effect size in software engineering experiments},
	author = {Kampenes, Vigdis By and {Dybå}, Tore and Hannay, Jo E. and {Sjøberg}, Dag I.K.},
	year = {2007},
	month = {11},
	date = {2007-11},
	journal = {Information and Software Technology},
	pages = {1073--1086},
	volume = {49},
	number = {11-12},
	doi = {10.1016/j.infsof.2007.02.015},
	url = {http://dx.doi.org/10.1016/j.infsof.2007.02.015},
	langid = {en}
}

@article{schäfer2019,
	title = {The Meaningfulness of Effect Sizes in Psychological Research: Differences Between Sub-Disciplines and the Impact of Potential Biases},
	author = {{Schäfer}, Thomas and Schwarz, Marcus A.},
	year = {2019},
	month = {04},
	date = {2019-04-11},
	journal = {Frontiers in Psychology},
	volume = {10},
	doi = {10.3389/fpsyg.2019.00813},
	url = {http://dx.doi.org/10.3389/fpsyg.2019.00813}
}

@article{sawilowsky2009,
	title = {New Effect Size Rules of Thumb},
	author = {Sawilowsky, Shlomo S.},
	year = {2009},
	month = {11},
	date = {2009-11-01},
	journal = {Journal of Modern Applied Statistical Methods},
	pages = {597--599},
	volume = {8},
	number = {2},
	doi = {10.22237/jmasm/1257035100},
	url = {http://dx.doi.org/10.22237/jmasm/1257035100},
	langid = {en}
}

@article{gignac2016,
	title = {Effect size guidelines for individual differences researchers},
	author = {Gignac, Gilles E. and Szodorai, Eva T.},
	year = {2016},
	month = {11},
	date = {2016-11},
	journal = {Personality and Individual Differences},
	pages = {74--78},
	volume = {102},
	doi = {10.1016/j.paid.2016.06.069},
	url = {http://dx.doi.org/10.1016/j.paid.2016.06.069},
	langid = {en}
}

@article{funder2019,
	title = {Evaluating Effect Size in Psychological Research: Sense and Nonsense},
	author = {Funder, David C. and Ozer, Daniel J.},
	year = {2019},
	month = {05},
	date = {2019-05-08},
	journal = {Advances in Methods and Practices in Psychological Science},
	pages = {156--168},
	volume = {2},
	number = {2},
	doi = {10.1177/2515245919847202},
	url = {http://dx.doi.org/10.1177/2515245919847202},
	langid = {en}
}

@article{lovakov2021,
	title = {Empirically derived guidelines for effect size interpretation in social psychology},
	author = {Lovakov, Andrey and Agadullina, Elena R.},
	year = {2021},
	month = {04},
	date = {2021-04},
	journal = {European Journal of Social Psychology},
	pages = {485--504},
	volume = {51},
	number = {3},
	doi = {10.1002/ejsp.2752},
	url = {http://dx.doi.org/10.1002/ejsp.2752},
	langid = {en}
}

@article{brydges2019,
	title = {Effect Size Guidelines, Sample Size Calculations, and Statistical Power in Gerontology},
	author = {Brydges, Christopher R},
	editor = {Sands, Laura P},
	year = {2019},
	month = {08},
	date = {2019-08-01},
	journal = {Innovation in Aging},
	volume = {3},
	number = {4},
	doi = {10.1093/geroni/igz036},
	url = {http://dx.doi.org/10.1093/geroni/igz036},
	langid = {en}
}

@article{cherubini2021,
	title = {Statistical Inferences Using Effect Sizes in Human Endothelial Function Research},
	author = {Cherubini, Joshua M. and MacDonald, Maureen J.},
	year = {2021},
	month = {10},
	date = {2021-10-27},
	journal = {Artery Research},
	pages = {176--185},
	volume = {27},
	number = {4},
	doi = {10.1007/s44200-021-00006-6},
	url = {http://dx.doi.org/10.1007/s44200-021-00006-6},
	langid = {en}
}

@article{inoue2008,
  title={ブートストラップ BCa 法による効果量 $\delta$ の信頼区間},
  author={井上俊哉},
  journal={東京家政大学研究紀要 1 人文社会科学},
  volume={48},
  pages={1--7},
  year={2008},
  url = {http://id.nii.ac.jp/1653/00009232/},
  publisher={東京家政大学}
}